@online{admissions-website,
    author = "University of California",
    title = "Admissions by Source School",
    url  = "https://www.universityofcalifornia.edu/infocenter/admissions-source-school",
    addendum = "(accessed: 12.05.2020)", 
    keywords = "admissions"
}

@online{shewchuk,
    author = "Jonathan Shewchuck",
    title = "Concise Machine Learning",
    url  = "https://people.eecs.berkeley.edu/~jrs/papers/machlearn.pdf",
    addendum = "(accessed: 12.05.2020)", 
    keywords = "machine"
}

@book{barocas-hardt-narayanan,
  title = {Fairness and Machine Learning},
  author = {Solon Barocas and Moritz Hardt and Arvind Narayanan},
  publisher = {fairmlbook.org},
  note = {\url{http://www.fairmlbook.org}},
  year = {2019}
}
